@online{sharma_anirudh_anirudh_2018,
	title = {Anirudh Sharma: Ink made of air pollution {\textbar} {TED} Talk},
	url = {https://www.ted.com/talks/anirudh_sharma_ink_made_out_of_air_pollution/transcript-8889},
	shorttitle = {Anirudh Sharma: Ink made of air pollution [Video File]},
	author = {Sharma, Anirudh},
	urldate = {2019-07-11},
	date = {2018-11},
	file = {Anirudh Sharma\: Ink made of air pollution | TED Talk Subtitles and Transcript | TED:/Users/adrianaguado/Zotero/storage/BNZCYLFE/transcript.html:text/html}
}

@online{informe_EeA_2019,
	author    = "Ecologistas en Acción",
	title = {[Informe] La calidad del aire en el Estado español durante 2018},
	url = {https://www.ecologistasenaccion.org/96516/informe-la-calidad-del-aire-en-el-estado-espanol-2018/},
	abstract = {En los últimos años, la práctica totalidad de la población española y europea viene respirando aire contaminado, que incumple los estándares recomendados por la Organización Mundial de la Salud ({OMS}). Esta situación ha sido puesta de manifiesto por la Agencia Europea de Medio Ambiente ({AEMA}) y, en nuestro país, por los informes sobre la calidad …},
	titleaddon = {Ecologistas en Acción},
	urldate = {2019-07-12},
	date = {2019-06-25},
	langid = {spanish},
}


@online{bbc_ciudades,
	title = {¿Cómo serán las ciudades del futuro? - {BBC} News Mundo},
	url = {https://www.bbc.com/mundo/noticias/2013/02/130218_ciudades_futuro_ap},
	urldate = {2019-07-19},
	file = {¿Cómo serán las ciudades del futuro? - BBC News Mundo:/Users/adrianaguado/Zotero/storage/8NXAMI99/130218_ciudades_futuro_ap.html:text/html}
}


@article{laval_introduction,
	title = {Introduction to the Mathematics of Big Data},
	pages = {8},
	author = {Laval, Philippe B},
	langid = {english},
	file = {Laval - Introduction to the Mathematics of Big Data.pdf:/Users/adrianaguado/Zotero/storage/929TD67G/Laval - Introduction to the Mathematics of Big Data.pdf:application/pdf}
}


@online{foote_big_2018,
	title = {Big Data vs. Smart Data},
	url = {https://www.dataversity.net/big-data-vs-smart-data/},
	abstract = {This Big Data can then be filtered, and turned into Smart Data before being analyzed for insights, in turn, leading to more efficient decision-making.},
	titleaddon = {{DATAVERSITY}},
	author = {Foote, Keith D.},
	urldate = {2019-07-25},
	date = {2018-05-10},
	langid = {american},
	file = {Snapshot:/Users/adrianaguado/Zotero/storage/KFCHQ5YQ/big-data-vs-smart-data.html:text/html}
}


@online{tec_ubicua,
	title = {Universidad Carlos {III} de Madrid - La inteligencia ubicua cambiará nuestra vida en menos de una década},
	url = {http://portal.uc3m.es/portal/page/portal/actualidad_cientifica/noticias/inteligencia_ubicua},
	abstract = {Web Oficial de la Universidad Carlos {III} de Madrid},
	urldate = {2019-07-27},
	date = {2007-10-08},
	langid = {spanish},
	file = {Snapshot:/Users/adrianaguado/Zotero/storage/ASELKWMX/inteligencia_ubicua.html:text/html}
}


@online{big_data_ciudades_inteligentes,
	title = {Big data para ciudades inteligentes, los datos para mejorar los servicios en las ciudades},
	url = {https://blog.ferrovial.com/es/2017/10/big-data-ciudades-inteligentes-servicios/},
	abstract = {Gracias al Big Data, podemos comprender nuestro entorno, y hacer ciudades inteligentes para prever y organizar los servicios y tener un comportamiento más eficiente.},
	titleaddon = {Ferrovial Blog},
	urldate = {2019-07-27},
	date = {2017-10-09},
	langid = {spanish},
	file = {Snapshot:/Users/adrianaguado/Zotero/storage/7H6E2DXW/big-data-ciudades-inteligentes-servicios.html:text/html}
}


@book{jacobson_air_2012,
	location = {Cambridge ; New York},
	edition = {2nd ed},
	title = {Air pollution and global warming: history, science, and solutions},
	isbn = {978-1-107-02161-7 978-1-107-69115-5},
	shorttitle = {Air pollution and global warming},
	pagetotal = {375},
	publisher = {Cambridge University Press},
	author = {Jacobson, Mark Z. and Jacobson, Mark Z.},
	date = {2012},
	keywords = {Air, Air pollution, Atmospheric chemistry, Pollution Law and legislation, {SCIENCE} / Earth Sciences / Meteorology \& Climatology}
}

@article{gomez-losada_data_2019,
	title = {A data science approach for spatiotemporal modelling of low and resident air pollution in Madrid (Spain): Implications for epidemiological studies},
	volume = {75},
	issn = {0198-9715},
	url = {http://www.sciencedirect.com/science/article/pii/S0198971518304447},
	doi = {10.1016/j.compenvurbsys.2018.12.005},
	shorttitle = {A data science approach for spatiotemporal modelling of low and resident air pollution in Madrid (Spain)},
	abstract = {Model developments to assess different air pollution exposures within cities are still a key challenge in environmental epidemiology. Background air pollution is a long-term resident and low-level concentration pollution difficult to quantify, and to which population is chronically exposed. In this study, hourly time series of four key air pollutants were analysed using Hidden Markov Models to estimate the exposure to background pollution in Madrid, from 2001 to 2017. Using these estimates, its spatial distribution was later analysed after combining the interpolation results of ordinary kriging and inverse distance weighting. The ratio of ambient to background pollution differs according to the pollutant studied but is estimated to be on average about six to one. This methodology is proposed not only to describe the temporal and spatial variability of this complex exposure, but also to be used as input in new modelling approaches of air pollution in urban areas.},
	pages = {1--11},
	journaltitle = {Computers, Environment and Urban Systems},
	shortjournal = {Computers, Environment and Urban Systems},
	author = {Gómez-Losada, Álvaro and Santos, Francisca M. and Gibert, Karina and Pires, José C. M.},
	urldate = {2019-07-11},
	date = {2019-05-01},
	keywords = {Air pollution exposure, Background pollution levels, Hidden Markov Models, Inverse distance weighting, Ordinary kriging},
	file = {ScienceDirect Full Text PDF:/Users/adrianaguado/Zotero/storage/YUWPTDCE/Gómez-Losada et al. - 2019 - A data science approach for spatiotemporal modelli.pdf:application/pdf;ScienceDirect Snapshot:/Users/adrianaguado/Zotero/storage/M7NQMY4E/S0198971518304447.html:text/html}
}

@article{nunez-alonso_statistical_2019,
	title = {Statistical Tools for Air Pollution Assessment: Multivariate and Spatial Analysis Studies in the Madrid Region},
	volume = {2019},
	issn = {2090-8865, 2090-8873},
	url = {https://www.hindawi.com/journals/jamc/2019/9753927/},
	doi = {10.1155/2019/9753927},
	shorttitle = {Statistical Tools for Air Pollution Assessment},
	abstract = {The present work reports the distribution of pollutants in the Madrid city and province from 22 monitoring stations during 2010 to 2017. Statistical tools were used to interpret and model air pollution data. The data include the annual average concentrations of nitrogen oxides, ozone, and particulate matter ({PM}
	10
	), collected in Madrid and its suburbs, which is one of the largest metropolitan places in Europe, and its air quality has not been studied sufficiently. A mapping of the distribution of these pollutants was done, in order to reveal the relationship between them and also with the demography of the region. The multivariate analysis employing correlation analysis, principal component analysis ({PCA}), and cluster analysis ({CA}) resulted in establishing a correlation between different pollutants. The results obtained allowed classification of different monitoring stations on the basis of each of the four pollutants, revealing information about their sources and mechanisms, visualizing their spatial distribution, and monitoring their levels according to the average annual limits established in the legislation. The elaboration of contour maps by the geostatistical method, ordinary kriging, also supported the interpretation derived from the multivariate analysis demonstrating the levels of {NO}
	2
	exceeding the annual limit in the centre, south, and east of the Madrid province.},
	pages = {1--9},
	journaltitle = {Journal of Analytical Methods in Chemistry},
	shortjournal = {Journal of Analytical Methods in Chemistry},
	author = {Núñez-Alonso, David and Pérez-Arribas, Luis Vicente and Manzoor, Sadia and Cáceres, Jorge O.},
	urldate = {2019-07-11},
	date = {2019-02-10},
	langid = {english},
	file = {Núñez-Alonso et al. - 2019 - Statistical Tools for Air Pollution Assessment Mu.pdf:/Users/adrianaguado/Zotero/storage/TXRQX3JY/Núñez-Alonso et al. - 2019 - Statistical Tools for Air Pollution Assessment Mu.pdf:application/pdf}
}

@online{informe_ecologistas,
	title = {[Informe] La calidad del aire en el Estado español durante 2018 • Ecologistas en Acción},
	url = {https://www.ecologistasenaccion.org/96516/informe-la-calidad-del-aire-en-el-estado-espanol-2018/},
	abstract = {En los últimos años, la práctica totalidad de la población española y europea viene respirando aire contaminado, que incumple los estándares recomendados por la Organización Mundial de la Salud ({OMS}). Esta situación ha sido puesta de manifiesto por la Agencia Europea de Medio Ambiente ({AEMA}) y, en nuestro país, por los informes sobre la calidad …},
	titleaddon = {Ecologistas en Acción},
	urldate = {2019-07-12},
	date = {2019-06-25},
	langid = {spanish},
	file = {Snapshot:/Users/adrianaguado/Zotero/storage/V68W5UGS/informe-la-calidad-del-aire-en-el-estado-espanol-2018.html:text/html}
}

@online{informe_2018,
	title = {Informe de Evaluación de la Calidad del Aire en España » {deNoticias}},
	url = {https://www.denoticias.es/notas/informe-de-evaluacion-de-la-calidad-del-aire-en-espana.html},
	abstract = {El Ministerio para la Transición Ecológica ({MITECO}) publica hoy en su página web el Informe de Evaluación de la Calidad del Aire en España correspondiente a los datos de 2018 que, en términos generales, muestra una ligera mejoría de todos los contaminantes legislados respecto al año 2017, aunque es menos significativa en dióxido de nitrógeno …},
	titleaddon = {{deNoticias}},
	author = {{denoticias}},
	urldate = {2019-07-27},
	date = {2019-07-23},
	langid = {spanish},
	file = {Snapshot:/Users/adrianaguado/Zotero/storage/2AAN9DBE/informe-de-evaluacion-de-la-calidad-del-aire-en-espana.html:text/html}
}


@online{2018_oms_calidad,
	title = {Calidad del aire ambiente (exterior) y salud},
	url = {https://www.who.int/es/news-room/fact-sheets/detail/ambient-(outdoor)-air-quality-and-health},
	abstract = {La contaminación del aire representa un importante riesgo medioambiental para la salud. Mediante la disminución de los niveles de contaminación del aire los países pueden reducir la carga de morbilidad derivada de accidentes cerebrovasculares, cánceres de pulmón y neumopatías crónicas y agudas, entre ellas el asma. Las Directrices de la {OMS} sobre la Calidad del Aire ofrecen una evaluación de los efectos sanitarios derivados de la contaminación del aire, así como de los niveles de contaminación perjudiciales para la salud.},
	urldate = {2019-07-27},
	langid = {spanish},
	file = {Snapshot:/Users/adrianaguado/Zotero/storage/BEEREBJ3/ambient-(outdoor)-air-quality-and-health.html:text/html}
}


@online{_sistema_vigilancia_madrid,
	title = {Sistema de Vigilancia de la Calidad del Aire del Ayuntamiento de Madrid},
	url = {http://www.mambiente.madrid.es/sica/scripts/index.php},
	urldate = {2019-07-27},
	file = {Sistema de Vigilancia de la Calidad del Aire del Ayuntamiento de Madrid:/Users/adrianaguado/Zotero/storage/JKJZ88HA/index.html:text/html}
}


@article{london_cameras,
	title = {Report: London no safer for all its {CCTV} cameras},
	issn = {0882-7729},
	url = {https://www.csmonitor.com/World/Europe/2012/0222/Report-London-no-safer-for-all-its-CCTV-cameras},
	shorttitle = {Report},
	journaltitle = {Christian Science Monitor},
	urldate = {2019-07-27},
	date = {2012-02-22},
	file = {CS Monitor Snapshot:/Users/adrianaguado/Zotero/storage/IYIHH99L/Report-London-no-safer-for-all-its-CCTV-cameras.html:text/html}
}


@article{casado_reinaldos_big_2018,
	title = {Big data aplicado al transporte y en las ciudades: adaptación a la ciudad de Sevilla},
	rights = {Attribution-{NonCommercial}-{NoDerivatives} 4.0 Internacional},
	url = {https://idus.us.es/xmlui/handle/11441/79499},
	shorttitle = {Big data aplicado al transporte y en las ciudades},
	abstract = {Universidad de Sevilla.Grado en Estadística},
	author = {Casado Reinaldos, Alejandro},
	urldate = {2019-07-27},
	date = {2018-09},
	file = {Full Text PDF:/Users/adrianaguado/Zotero/storage/K3M8Q9RB/Casado Reinaldos - 2018 - Big data aplicado al transporte y en las ciudades.pdf:application/pdf;Snapshot:/Users/adrianaguado/Zotero/storage/7DM26DCV/79499.html:text/html}
}


@online{portal_datosabiertos_madrid,
	title = {Portal de datos abiertos del Ayuntamiento de Madrid},
	url = {https://datos.madrid.es/portal/site/egob/},
	urldate = {2019-07-27},
	file = {En portada - Portal de datos abiertos del Ayuntamiento de Madrid:/Users/adrianaguado/Zotero/storage/9S2I9H3H/egob.html:text/html}
}


@article{ley_protocolo_madrid,
	title = {{PROTOCOLO} {DE} {ACTUACIÓN} {PARA} {EPISODIOS} {DE} {CONTAMINACIÓN} {POR} {DIÓXIDO} {DE} {NITRÓGENO} {EN} {LA} {CIUDAD} {DE} {MADRID}},
	pages = {20},
	author = {Ley, La},
	langid = {spanish},
	file = {Ley - PROTOCOLO DE ACTUACIÓN PARA EPISODIOS DE CONTAMINA.pdf:/Users/adrianaguado/Zotero/storage/YE956CQ5/Ley - PROTOCOLO DE ACTUACIÓN PARA EPISODIOS DE CONTAMINA.pdf:application/pdf}
}


@online{state_global_air_2018,
	title = {State of Global Air 2018: Over 7 billion people face unsafe air},
	url = {https://www.healtheffects.org/announcements/state-global-air-2018-over-7-billion-people-face-unsafe-air},
	shorttitle = {State of Global Air 2018},
	abstract = {{HEI} has issued State of Global Air 2018 with the latest trends in air quality and its impact on human health around the world. For the first time, the 2018 report and website include worldwide estimates of exposure and health burdens from burning of solid fuels inside people’s homes.},
	titleaddon = {Health Effects Institute},
	urldate = {2019-07-28},
	date = {2018-04-17},
	langid = {english},
	file = {Snapshot:/Users/adrianaguado/Zotero/storage/FV8M3CQ6/state-global-air-2018-over-7-billion-people-face-unsafe-air.html:text/html}
}


@inreference{git_2019,
	title = {Git},
	rights = {Creative Commons Attribution-{ShareAlike} License},
	url = {https://en.wikipedia.org/w/index.php?title=Git&oldid=906157860},
	abstract = {Git () is a distributed version-control system for tracking changes in source code during software development. It is designed for coordinating work among programmers, but it can be used to track changes in any set of files. Its goals include speed, data integrity, and support for distributed, non-linear workflows.Git was created by Linus Torvalds in 2005 for development of the Linux kernel, with other kernel developers contributing to its initial development. Its current maintainer since 2005 is Junio Hamano.
	As with most other distributed version-control systems, and unlike most client–server systems, every Git directory on every computer is a full-fledged repository with complete history and full version-tracking abilities, independent of network access or a central server.Git is free and open-source software distributed under the terms of the {GNU} General Public License version 2.},
	booktitle = {Wikipedia},
	urldate = {2019-07-28},
	date = {2019-07-14},
	langid = {english},
	note = {Page Version {ID}: 906157860},
	file = {Snapshot:/Users/adrianaguado/Zotero/storage/Y6INS3NB/index.html:text/html}
}

 @misc{githublicense,
	author = "Ben Balter",
	title = "Open source license usage on GitHub.com",
	year = "2015",
	url = {  https://github.com/blog/1964-open-source-license-usage-on-github-com},
}

 @misc{githubchoose,
	author = "Github",
	title = "Choose an open source license",
	year = "2016",
	url = {https://choosealicense.com/},
}

@misc{apache,
	author = "Apache-Github",
	title = "Apache License 2.0",
	year = "2004",
	url = {https://choosealicense.com/licenses/apache-2.0/},
}

@misc{mit,
	author = "MIT-Github",
	title = "MIT License",
	year = "2017",
	url = {https://choosealicense.com/licenses/mit/},
}


@online{wayback_2012,
	title = {Wayback Machine},
	url = {https://web.archive.org/web/20120414062644/http://www.magrama.gob.es/imagenes/es/PNMCA_tcm7-181205.pdf},
	urldate = {2019-08-02},
	date = {2012-04-14},
	file = {PLAN NACIONAL DE MEJORA DE LA CALIDAD DEL AIRE PNMCA:/Users/adrianaguado/Zotero/storage/BU2QL4S4/PNMCA_tcm7-181205.html:text/html}
}


@online{estandar,
	title = {Common Format and {MIME} Type for Comma-Separated Values ({CSV}) Files},
	url = {https://tools.ietf.org/html/rfc4180},
	author = {Shafranovich \{{\textbackslash}textless\}ietf@shaftek.org\{{\textbackslash}textgreater\}, Yakov},
	urldate = {2019-08-08},
	langid = {english}
}


@online{formatos,
	title = {Formatos - Portal de datos abiertos del Ayuntamiento de Madrid},
	url = {https://datos.madrid.es/portal/site/egob/menuitem.400a817358ce98c34e937436a8a409a0/?vgnextoid=b07512b9ace9f310VgnVCM100000171f5a0aRCRD&vgnextchannel=b07512b9ace9f310VgnVCM100000171f5a0aRCRD&vgnextfmt=default},
	urldate = {2019-08-08},
	file = {Formatos - Portal de datos abiertos del Ayuntamiento de Madrid:/Users/adrianaguado/Zotero/storage/68PRDHZ6/menuitem.html:text/html}
}



@online{cesal_what_2019,
	title = {What Are Data Visualization Style Guidelines?},
	url = {https://medium.com/nightingale/style-guidelines-92ebe166addc},
	abstract = {Data visualization style guides are standards for formatting and designing representations of information.},
	titleaddon = {Medium},
	author = {Cesal, Amy},
	urldate = {2019-08-09},
	date = {2019-07-10},
	langid = {english},
	file = {Snapshot:/Users/adrianaguado/Zotero/storage/UAFEQX7J/style-guidelines-92ebe166addc.html:text/html}
}


@book{oates_researching_2006,
	title = {Researching information systems and computing},
	isbn = {978-1-4129-0223-6},
	url = {https://books.google.es/books?id=1JAeAQAAIAAJ},
	publisher = {{SAGE}},
	author = {Oates, B.J.},
	date = {2006},
	lccn = {2005927557}
}


@online{visualisation_2016,
	title = {All the 'little of visualisation of design'},
	url = {https://www.visualisingdata.com/2016/03/little-visualisation-design/},
	abstract = {This is a collection of the entire, growing series of posts about the 'little of visualisation design', respecting the small decisions that make a big difference towards the good and bad of this discipline.},
	titleaddon = {Visualising Data},
	urldate = {2019-08-21},
	date = {2016-03-23}
}

@Comment{LO DE ABAJO SON EJEMPLOS}

@book{koza92,
	author    = "Koza, John R.",
	title     = "Genetic Programming: On the Programming of Computers by Means of Natural Selection",
	publisher = "MIT Press",
	year      = "1992"
}


@misc{ wiki:latex,
	author = "Wikipedia",
	title = "LaTeX --- Wikipedia{,} La enciclopedia libre",
	year = "2015",
	url = "https://es.wikipedia.org/w/index.php?title=LaTeX&oldid=84209252",
	note = "[Internet; descargado 30-septiembre-2015]"
}


@article{bortolot2005,
	title={Estimating forest biomass using small footprint LiDAR data: An individual tree-based approach that incorporates training data},
	author={Bortolot, Zachary J and Wynne, Randolph H},
	journal={ISPRS Journal of Photogrammetry and Remote Sensing},
	volume={59},
	number={6},
	pages={342--360},
	year={2005},
	publisher={Elsevier}
}

